<?xml version="1.0" encoding="UTF-8" ?>
<record Numero="13983722" format="InterXMarc_Complet" type="Authority">
<leader>00386c0 au22000272  45  <Pos Code="0004">00386</Pos>
<Pos Code="05" Sens="notice modifiée">c</Pos>
<Pos Code="06" Sens="notice validée par les services d&apos;autorité">0</Pos>
<Pos Code="08" Sens="notice d&apos;autorité">a</Pos>
<Pos Code="09" Sens="titre uniforme musical (TUM)">u</Pos>
<Pos Code="10">2</Pos>
<Pos Code="11">2</Pos>
<Pos Code="1216">00027</Pos>
<Pos Code="17" Sens="autres cas">2</Pos>
<Pos Code="20">4</Pos>
<Pos Code="21">5</Pos>
</leader>
<controlfield tag="001">FRBNF13983722X<Pos Code="0001">FR</Pos>
<Pos Code="0204">BNF</Pos>
<Pos Code="0512">13983722</Pos>
<Pos Code="13">X</Pos>
</controlfield>
<controlfield tag="008">951125040304yy    sy        1933      1934                   1   <Pos Code="0001">95</Pos>
<Pos Code="0203">11</Pos>
<Pos Code="0405">25</Pos>
<Pos Code="0607">04</Pos>
<Pos Code="0809">03</Pos>
<Pos Code="1011">04</Pos>
<Pos Code="1213" Sens="ne s&apos;applique pas">yy</Pos>
<Pos Code="1820">sy </Pos>
<Pos Code="2831">1933</Pos>
<Pos Code="3841">1934</Pos>
<Pos Code="61" Sens="La vedette peut être liée à une notice bibliographique sauf pour l&apos;accès matière RAMEAU">1</Pos>
</controlfield>
<datafield tag="048" ind1=" " ind2=" ">
	<subfield code="a">oa01<Pos Code="0001" Sens="orchestre - orchestre symphonique XIXe-XXe s.">oa</Pos>
<Pos Code="02">0</Pos>
<Pos Code="03">1</Pos>
</subfield>
</datafield>
<datafield tag="100" ind1=" " ind2=" ">
	<subfield code="3">12058131</subfield>
	<subfield code="w">.0..b.....</subfield>
	<subfield code="a">Hindemith</subfield>
	<subfield code="m">Paul</subfield>
	<subfield code="d">1895-1963</subfield>
</datafield>
<datafield tag="144" ind1="1" ind2=" ">
	<subfield code="w">....b.ger.</subfield>
	<subfield code="a">Mathis der Maler</subfield>
	<subfield code="e">symphonie</subfield>
</datafield>
<datafield tag="600" ind1=" " ind2=" ">
	<subfield code="a">Composée à la demande de Fürtwangler en même temps que l&apos;opéra de même titre</subfield>
	<subfield code="a">Création à Berlin le 12 mars 1934</subfield>
</datafield>
<datafield tag="610" ind1=" " ind2=" ">
	<subfield code="a">Grove 6</subfield>
</datafield>
<datafield tag="917" ind1=" " ind2=" ">
	<subfield code="o">OPC</subfield>
	<subfield code="a">101153230</subfield>
</datafield>
<Attr Nom="IDPerenne">ark:/12148/cb13983722r</Attr>
<Attr Nom="NumSource">OPC 101153230</Attr>
<Attr Nom="Source" Sens="BnF catalogue général (depuis 1999)">A</Attr>
<Attr Nom="NumAutoriteLiee">12058131</Attr>
<Attr Nom="DateCreation">25/11/ 1995</Attr>
<Attr Nom="ResponsableCreation">MIGV2</Attr>
<Attr Nom="StructCreation">1</Attr>
<Attr Nom="DateDerniereValidation">08/11/ 2010</Attr>
<Attr Nom="ResponsableDerniereValidation">MIGV4</Attr>
<Attr Nom="StructPremiereValidation">1</Attr>
<Attr Nom="DatePremiereValidation">25/11/ 1995</Attr>
<Attr Nom="ResponsablePremiereValidation">MIGV2</Attr>
<Attr Nom="StructDerniereValidation">1</Attr>
</record>
